<?xml version="1.0" encoding="UTF-8"?><collection xmlns="http://www.loc.gov/MARC21/slim"><record><leader>00342nam--2200121-i-4500</leader><controlfield tag="001">000048810</controlfield><controlfield tag="002">20161230</controlfield><controlfield tag="005">20161230201047</controlfield><controlfield tag="008">060222s1000------------r-----000-0-eng-d</controlfield><datafield ind1=" " ind2=" " tag="080"><subfield code="a">621.039.58(061.3)</subfield></datafield><datafield ind1=" " ind2=" " tag="245"><subfield code="a">Radiation protection in nuclear energy. conference proc.sydney, 18-22 april 1988</subfield></datafield><datafield ind1=" " ind2=" " tag="260"><subfield code="a">Viena, Iaea, 1988, 521p</subfield></datafield><datafield ind1=" " ind2=" " tag="852"><subfield code="a">74949</subfield></datafield></record></collection>